@misc{threatspaces,
	title = {Go-Moku and Threat-Space Search},
	note = {\url{http://vanilla47.com/PDFs/Gomoku Renju Pente/go-moku-and-threat.pdf}},
	key = {Threat-Space Search}
}

@article{SVMCTS,
	year = {2012},
	pages = {1-43},
	title = {A Survey of Monte Carlo Tree Search Methods},
	journal = {IEEE TRANSACTIONS ON COMPUTATIONAL INTELLIGENCE AND AI IN GAMES},
	volume = {4},
	author = {Cameron B. Browne and Edward Powley and Daniel Whitehouse},
	number = {1},
	month = {March}
}

@article{CHAOS,
	year = {1975},
	pages = {985-992},
	title = {Period Three Implies Chaos},
	journal = {The American Mathematical Monthly},
	volume = {82},
	author = {Tien-Yien Li; James A. Yorke},
	number = {10},
	month = {December}
}

@book{Keigetsu,
	author = {Tandy Corporation},
	edition = {1th},
	title = {Gomoku / Renju},
	year = {1983},
	publisher = {Intelligent Software, Ltd.}
}

@InProceedings{MRWLTS,
  author = 	 {Fan Xie and Hootan Nakhost and Martin MÃ¼ller},
  title = 	 {A Local Monte Carlo Tree Search Approach in Deterministic Planning},
  booktitle = 	 {Proc. of Twenty-Fifth AAAI Conference on Artificial Intelligence},
  OPTcrossref =  {},
  OPTkey = 	 {},
  pages = 	 {1832-1833},
  year = 	 {2011},
  OPTeditor = 	 {},
  OPTvolume = 	 {},
  OPTnumber = 	 {},
  OPTseries = 	 {},
  address   = 	 {San Francisco, California},
  month = 	 {August},
  OPTorganization = {},
  OPTpublisher = {},
  OPTnote = 	 {},
  OPTannote = 	 {}
}

@article{Knuth,
	year = {1974},
	pages = {671},
	title = {Turing Award Lecture},
	journal = {Communications of the ACM},
	volume = {17},
	author = {Donald Knuth},
	number = {12},
	month = {December}
}

@techreport{HFSZ10_TR,
	institution = {Deutsche Telekom Inc. R\&D Laboratories},
	note = {under review, available at \url{http://12.71.54.174/HFSZ10_TR.pdf}},
	year = {2010},
	month = {June},
	title = {Scalable Video Streaming over Multiple Access Networks},
	author = {C. Hsu and N. Freris and J. Singh and X. Zhu}
}

@misc{gcs,
	title = {Google C++ Style Guide},
	note = {\url{https://google.github.io/styleguide/cppguide.html}},
	key = {Coding Style}
}
